@ARTICLE{Adamic01friendsand,
    author = {Lada Adamic and Eytan Adar},
    title = {Friends and Neighbors on the Web},
    journal = {Social Networks},
    year = {2001},
    volume = {25},
    pages = {211--230}
}

@inproceedings{Liben-Nowell:2003:LPP:956863.956972,
 author = {Liben-Nowell, David and Kleinberg, Jon},
 title = {The link prediction problem for social networks},
 booktitle = {CIKM},
 year = {2003}
} 

@inproceedings{Tylenda:2009:TTL:1731011.1731020,
 author = {Tylenda, Tomasz and Angelova, Ralitsa and Bedathur, Srikanta},
 title = {Towards time-aware link prediction in evolving social networks},
 booktitle = {SNA-KDD},
 year = {2009}
} 

@book{Borda1781a,
    author = {de Borda, Jean C.},
    citeulike-article-id = {792703},
    keywords = {lsb},
    posted-at = {2006-08-10 13:53:35},
    priority = {2},
    publisher = {Histoire de l'Academie Royale des Sciences},
    title = {{Memoire sur les Elections au Scrutin}},
    year = {1781}
}

@inproceedings{renda2003web,
  title={Web metasearch: rank vs. score based rank aggregation methods},
  author={Renda, M.E. and Straccia, U.},
  booktitle={SAC},
  year={2003}
}

@inproceedings{sun2011co,
  title={Co-author relationship prediction in heterogeneous bibliographic networks},
  author={Sun, Y. and Barber, R. and Gupta, M. and Aggarwal, C.C. and Han, J.},
  booktitle={ASONAM},
  year={2011}
}

@inproceedings{deng2008formal,
  title={Formal models for expert finding on DBLP bibliography data},
  author={Deng, H. and King, I. and Lyu, M.R.},
  booktitle={ICDM},
  year={2008}
}

@inproceedings{agarwal2012shortest,
  title={Shortest paths in less than a millisecond},
  author={Agarwal, R. and Caesar, M. and Godfrey, P.B. and Zhao, B.Y.},
  booktitle={ACM workshop on online social networks},
  pages={37--42},
  year={2012}
}

@article{Elmacioglu:2005:SDS:1083784.1083791,
 author = {Elmacioglu, Ergin and Lee, Dongwon},
 title = {On six degrees of separation in DBLP-DB and more},
 journal = {SIGMOD Rec.},
 issue_date = {June 2005},
 volume = {34},
 number = {2},
 month = jun,
 year = {2005},
 pages = {33--40},
 numpages = {8}
} 


@inproceedings{chen2011collabseer,
  title={Collabseer: a search engine for collaboration discovery},
  author={Chen, H.H. and Gou, L. and Zhang, X. and Giles, C.L.},
  booktitle={JCDL},
  year={2011}
}

@article{lee2011recommending,
  title={Recommending collaborators using social features and MeSH terms},
  author={Lee, D.H. and Brusilovsky, P. and Schleyer, T.},
  journal={JASIST},
  volume={48},
  number={1},
  pages={1--10},
  year={2011}
}

@article{schleyer2008facebook,
  title={Facebook for scientists: requirements and services for optimizing how scientific collaborations are established},
  author={Schleyer, T. and Spallek, H. and Butler, B.S. and Subramanian, S. and Weiss, D. and Poythress, M.L. and Rattanathikun, P. and Mueller, G.},
  journal={JMIR},
  volume={10},
  number={3},
  year={2008}
}


@inproceedings{d2004expertise,
  title={Expertise community detection},
  author={D'Amore, R.},
  booktitle={SIGIR},
  year={2004}
}

@inproceedings{Schenkel:2008:ETQ:1390334.1390424,
 author = {Schenkel, Ralf and Crecelius, Tom and Kacimi, Mouna and Michel, Sebastian and Neumann, Thomas and Parreira, Josiane X. and Weikum, Gerhard},
 title = {Efficient top-k querying over social-tagging networks},
 booktitle = {SIGIR},
 year = {2008}
} 